<?xml version="1.0" encoding="UTF-8"?><record xmlns="http://www.loc.gov/MARC21/slim" xmlns:cinclude="http://apache.org/cocoon/include/1.0" xmlns:zs="http://www.loc.gov/zing/srw/">
  <leader>00504cz  a2200145n  4500</leader>
  <controlfield tag="001">n  86076560 </controlfield>
  <controlfield tag="003">DLC</controlfield>
  <controlfield tag="005">20080308074941.0</controlfield>
  <controlfield tag="008">880527n| acannaabn          |a ana     c</controlfield>
  <datafield tag="010" ind1=" " ind2=" ">
    <subfield code="a">n  86076560 </subfield>
  </datafield>
  <datafield tag="035" ind1=" " ind2=" ">
    <subfield code="a">(OCoLC)oca02288375</subfield>
  </datafield>
  <datafield tag="040" ind1=" " ind2=" ">
    <subfield code="a">N</subfield>
    <subfield code="b">eng</subfield>
    <subfield code="c">DLC</subfield>
    <subfield code="d">DLC</subfield>
    <subfield code="d">OCoLC</subfield>
  </datafield>
  <datafield tag="110" ind1="2" ind2=" ">
    <subfield code="a">Columbia University.</subfield>
    <subfield code="b">Graduate Faculties Alumni</subfield>
  </datafield>
  <datafield tag="410" ind1="2" ind2=" ">
    <subfield code="a">Graduate Faculties Alumni of Columbia University</subfield>
  </datafield>
  <datafield tag="670" ind1=" " ind2=" ">
    <subfield code="a">The Graduate Faculties Alumni news report, 1986:</subfield>
    <subfield code="b">p. 2 (Graduate Faculties Alumni of Columbia University)</subfield>
  </datafield>
</record>